
%%%%%%%%%%%%%%% Monographien %%%%%%%%%%%%%%%%%%%%%%%%%%%%%%
@Book{Hanusch2011,
  title     = {Nutzen-Kosten-Analyse},
  publisher = {Vahlen},
  pages		= {217},
  year      = {2011},
  author    = {Hanusch, Horst},
  keywords  = {mono}
}

@Book{Hegner2003,
  title     = {Methoden zur Evaluation von Software},
  publisher = {Bonn: Informationszentrum Sozialwissenschaften},
  year      = {2003},
  author    = {Hegner, Marcus},
  volume    = {29},
  issn      = {1431-6943},
  keywords  = {mono},
  pages     = {98},
  urn       = {http://nbn-resolving.de/urn:nbn:de:0168-ssoar-50730-9},
}

@book{Schneider2008,
  title		= {Ergonomische Gestaltung von Benutzungsschnittstellen: Kommentar zur Grundsatznorm DIN EN ISO 9241-110},
  author	= {Schneider, Wolfgang},
  isbn		= {9783410172147},
  series	= {Beuth Kommentar},
  url		= {https://books.google.de/books?id=txYTIyz1ou8C},
  year		= {2008},
  publisher	= {Beuth Verlag GmbH},
  keywords 	= {mono}
}

@book(Dahm2006,
  title     = {Grundlagen der Mensch-computer-interaktion},
  author    = {Dahm, Markus},
  year      = {2006},
  publisher = {Pearson Studium M{\"u}nchen},
  keywords  = {mono}
}

@book{Fahrmeir2016,
  title     = {Statistik: Der Weg zur Datenanalyse},
  author    = {Fahrmeir, Ludwig and Heumann, Christian and K{\"u}nstler, Rita and Pigeot, Iris and Tutz, Gerhard},
  year      = {2016},
  publisher = {Springer-Verlag},
  keywords  = {mono}
}

@Book{Kronthaler2016,
  author    = {Kronthaler, Franz},
  title     = {Statistik angewandt},
  journal   = {Datenanalyse ist (k) eine Kunst. Berlin et al.: Springer Spektrum},
  year      = {2016},
  publisher = {Springer},
  keywords = {mono}
}

@Book{Sarodnick2011,
  title     = {Methoden der Usability Evaluation},
  publisher = {Bern: Huber},
  year      = {2011},
  author    = {F. Sarodnick and H. Braun},
  keywords = {mono}
}

@Book{Richter2013,
  title     = {Usability Engineering kompakt: Benutzbare Produkte gezielt entwickeln},
  publisher = {Springer Berlin Heidelberg},
  year      = {2013},
  author    = {Richter, M. and Fl{\"u}ckiger, M.D.},
  series    = {IT kompakt},
  isbn      = {9783642348327},
  keywords  = {mono},
}

@Book{Brandt2008,
  title     = {Softwareentwicklung kompakt und verst{\"a}ndlich: Wie Softwaresysteme entstehen},
  publisher = {Springer-Verlag},
  year      = {2008},
  author    = {Brandt-Pook, Hans and Kollmeier, Rainer},
  keywords = {mono}
}
%%%%%%%%%%%%%%% Monographien %%%%%%%%%%%%%%%%%%%%%%%%%%%%%%



%%%%%%%%%%%%%%% GESETZE UND NORMEN %%%%%%%%%%%%%%%%%%%%%%%%%%%%%%
@Book{ISO9241-110,
  title     = {Ergonomie der Mensch-System-Interaktion - Teil 110: Grundsätze der Dialoggestaltung (ISO 9241-110:2006) : Deutsche Fassung EN ISO 9241-110:2006},
  publisher = {Beuth Verlag, Berlin},
  year      = {2008},
  author    = {{DIN EN ISO 9241-110}},
  keywords  = {noge},
}

@Book{ISO9241-11,
  title     = {Ergonomische Anforderungen für Bürotätigkeiten mit Bildschirmgeräten – Teil 11: Anforderungen an die Gebrauchstauglichkeit - Leitsätze (ISO 9241-11:1998) : Deutsche Fassung EN ISO 9241-11:1998},
  publisher = {Beuth Verlag, Berlin},
  year      = {1999},
  author    = {{DIN EN ISO 9241-11}},
  keywords  = {noge},
}

@Book{ISO9241-210,
  title     = {Prozess zur Gestaltung gebrauchstauglicher interaktiver Systeme (ISO 9241-210:2010) : Deutsche Fassung EN ISO 9241-210},
  publisher = {Beuth Verlag, Berlin},
  year      = {2010},
  author    = {{DIN EN ISO 9241-210}},
  keywords  = {noge},
}

@Book{ArbStaettV,
  title     = {Verordnung über Arbeitsstätten (Arbeitsstättenverordnung - ArbStättV) vom 12. August 2004 (BGBI. I S. 2179), zuletzt geändert durch Artikel 5 Absatz 1 der Verordnung vom 18. Oktober 2017 (BGBI. I S. 3584)},
  publisher = {BMJV},
  author    = {{ArbStättV}},
  year      = {2004},
  keywords  = {noge},
}

@Book{Baur2014,
  title={Handbuch Methoden der empirischen Sozialforschung},
  author={Baur, Nina and Blasius, J{\"o}rg},
  year={2014},
  publisher={Springer-Verlag},
  keywords = {mono}
}
%%%%%%%%%%%%%%% GESETZE UND NORMEN %%%%%%%%%%%%%%%%%%%%%%%%%%%%%%



%%%%%%%%%%%%%%% Aufsätze in Sammelbänden und Zeitschriften %%%%%%%%%%%%%%%%%%%%%%%%%%%%%%
@article{Oppermann1988einfuehrung,
  title		= {Einf{\"u}hrung in die Software-Ergonomie},
  author	= {Oppermann, Reinhard},
  journal	= {Reihe: Mensch Computer Kommunikation. Grundwissen, Bd. l. Berlin, New York},
  year		= {1988},
  keywords  = {mag}
}

@article{Holzinger2011human,
  title		= {Human-Computer Interaction-Usability Engineering im Bildungskontext},
  author	= {Holzinger, Andreas},
  journal	= {Lehrbuch f{\"u}r Lernen und Lehren mit Technologien},
  year		= {2011},
  keywords  = {mag}
}

@article{Maass1993,
  title		= {Software-Ergonomie},
  author	= {Maa{\ss}, Susanne},
  journal	= {Informatik-Spektrum},
  volume	= {16},
  pages		= {191--205},
  year		= {1993},
  keywords 	= {mag}
}

@Article{Figl2010,
  author    = {Figl, K.},
  title     = {Deutschsprachige Fragebögen zur Usability-Evaluation im Vergleich},
  journal   = {Zeitschrift für Arbeitswissenschaft},
  year      = {2010},
  keywords  = {mag},
  url       = {http://nm.wu-wien.ac.at/research/publications/b939.pdf},
}

@Article{Pruemper_Harten2007,
  author    = {Prümper, Jochen and von Harten, Gerd},
  title     = {Software - ergonomisch gestaltet und geprüft},
  journal   = {Computer und Arbeit},
  year      = {2007},
  keywords  = {mag},
}

@article{Gediga2002evaluation,
  title     = {Evaluation of software systems},
  author    = {Gediga, G{\"u}nther and Hamborg, Kai-Christoph and D{\"u}ntsch, Ivo},
  journal   = {Encyclopedia of computer science and technology},
  volume    = {45},
  number    = {supplement 30},
  pages     = {127--53},
  year      = {2002},
  publisher = {Marcel Dekker Incorporated},
  keywords  = {mag}
}

@InCollection{Himme2007,
  author    = {Himme, Alexander},
  title     = {G{\"u}tekriterien der Messung: Reliabilit{\"a}t, Validit{\"a}t und Generalisierbarkeit},
  booktitle = {Methodik der empirischen Forschung},
  publisher = {Springer},
  year      = {2007},
  pages     = {375--390},
  keywords = {mag}
}

@Article{Gediga1999,
  author    = {Gediga, G{\"u}nther and Hamborg, Kai-Christoph and D{\"u}ntsch, Ivo},
  title     = {The IsoMetrics usability inventory: an operationalization of ISO 9241-10 supporting summative and formative evaluation of software systems},
  journal   = {Behaviour \& Information Technology},
  year      = {1999},
  volume    = {18},
  number    = {3},
  pages     = {151--164},
  publisher = {Taylor \& Francis},
  keywords = {mag},
}

@InCollection{Pruemper1997,
  author    = {Pr{\"u}mper, Jochen},
  title     = {Der Benutzungsfragebogen ISONORM 9241/10: Ergebnisse zur Reliabilit{\"a}t und Validit{\"a}t},
  booktitle = {Software-Ergonomie’97},
  publisher = {Springer},
  year      = {1997},
  pages     = {253--262},
  keywords  = {mag},
}

@Article{Thomaschewski2013,
  title={Die Benutzung des Styleguides f{\"u}r Software-Entwickler optimieren},
  author={Thomaschewski, J{\"o}rg and Rauschenberger, Maria and Sinning, Heike},
  journal={Tagungsband UP13},
  year={2013},
  publisher={German UPA eV},
  keywords = {mag}
}

@Article{Ecker2015,
  author = {Ecker, Manuel},
  year = {2015},
  title  = {Usability und Usability Engineering zur Gestaltung von Lernsystemen},
  keywords = {mag}
}
%%%%%%%%%%%%%%% Aufsätze in Sammelbänden und Zeitschriften %%%%%%%%%%%%%%%%%%%%%%%%%%%%%%




%%%%%%%%%%%%%%% Internetquellen %%%%%%%%%%%%%%%%%%%%%%%%%%%%%%
@Misc{Nielsen1995,
  author   = {Nielsen, Jakob},
  title    = {10 Usability Heuristics for User Interface Design},
  year     = {1995},
  note     = {Eingesehen am 14.09.2018},
  keywords = {web},
  url      = {https://www.nngroup.com/articles/ten-usability-heuristics/},
}

@Misc{usabilityDe,
  author   = {Bartel, Torsten and Quint, Gesine},
  title    = {Was ist Usablity?},
  note     = {Eingesehen am 13.09.2018},
  key      = {usabilityDe},
  keywords = {web},
  url      = {https://www.usability.de/usability-user-experience.html},
}

@Misc{Wong2018,
  author   = {Wong, Euphemia},
  title    = {Shneiderman's Eight Golden Rules Will Help You Design Better Interfaces},
  note     = {Eingesehen am 13.09.2018},
  url      = {https://www.interaction-design.org/literature/article/shneiderman-s-eight-golden-rules-will-help-you-design-better-interfaces},
  year     = {2018},
  keywords = {web}
}

@Misc{duden,
  author   = {Duden},
  year     = {2018},
  keywords = {web},
  url      = {https://www.duden.de/node/706352/revisions/1202913/view},
}

@Misc{BAuA,
  author   = {{Bundesanstalt für Arbeitsschutz und Arbeitsmedizin (BAuA)}},
  title    = {Informationen zur Arbeitsstättenverordnung (ArbStättV)},
  note     = {Eingesehen am 25.09.2018},
  keywords = {web},
  url      = {https://www.baua.de/DE/Themen/Arbeitsgestaltung-im-Betrieb/Arbeitsstaetten/Arbeitsstaettenverordnung/Arbeitsstaettenverordnung_node.html#Start},
}

@Misc{Inguanez2012,
  author   = {Inguanez, Frankie},
  title    = {Entity Relationship Modelling - A short guide to designing Entity Relationship Models using Barker's notation},
  year     = {2012},
  note     = {Eingesehen am 26.09.2018},
  keywords = {web},
  url      = {https://frankieinguanez.files.wordpress.com/2012/01/barkers-erd-notation.pdf},
}

@Misc{HTMLSeminarDe,
  author   = {Pratzner, Axel},
  title    = {Gesetz der Ähnlichkeit},
  note     = {Eingesehen am 26.09.2018},
  keywords = {web},
  url      = {https://www.html-seminar.de/webdesign-gesetz-der-aehnlichkeit.htm},
}

@Misc{BertelsmannGeschaeftsbericht2016,
  author   = {{Bertelsmann SE \& Co. KGaA}},
  title    = {Das neue Bertelsmann},
  year     = {2016},
  note     = {Eingesehen am 10.09.2018},
  keywords = {comp},
  url      = {https://www.bertelsmann.de/media/news-und-media/bilder-und-pfds-bpk-2016/geschaeftsbericht-2015/das-neue-bertelsmann-2016-de.pdf},
}

@Misc{BertelsmannAufEinenBlick2018,
  author = {{Bertelsmann SE \& Co. KGaA}},
  title  = {Bertelsmann - Auf einen Blick 2018},
  year   = {2018},
  note   = {Eingesehen am 04.10.2018},
  url    = {https://www.bertelsmann.de/media/news-und-media/downloads/bertelsmann-auf-einen-blick/bertelsmann-auf-einen-blick-2018-06-druck.pdf},
}

@Misc{Heuristik2018,
  author   = {Thommen, Jean-Paul and Siepermann, Markus},
  title    = {Heuristik},
  year     = {2018},
  note     = {Eingesehen am 26.09.2018},
  keywords = {lex},
  url      = {https://wirtschaftslexikon.gabler.de/definition/heuristik-34474/version-257976},
}
%%%%%%%%%%%%%%% Internetquellen %%%%%%%%%%%%%%%%%%%%%%%%%%%%%%